@article{duhn2014making, 
    title={Making “eco-waves”: Early childhood care and education sustainability practices in Aotearoa New Zealand}, 
    volume={24}, 
    DOI={10.7721/chilyoutenvi.24.2.0123}, 
    number={2}, 
    journal={Children, Youth and Environments}, 
    author={Iris Duhn and Jenny Ritchie}, 
    year={2014}, 
    pages={123}
} 


@misc{ministryofeducation_2023,
    title        = {Education in New Zealand},
    author       = {Ministry of Education},
    year         = 2023,
    howpublished = {\url{https://www.education.govt.nz/our-work/our-role-and-our-people/education-in-nz/}}
}


@article{Barraclough_Smith_1996, 
    title={Do parents choose and Value Quality Child Care in New Zealand?}, 
    volume={4}, 
    DOI={10.1080/0966976960040101}, 
    number={1}, 
    journal={International Journal of Early Years Education}, 
    author={Barraclough, Shanee J. and Smith, Anne B.}, 
    year={1996}, 
    month={Jan}, 
    pages={5–26}
} 


@article{Fenech_Sumsion_2007, 
    title={Promoting high quality early childhood education and care services}, 
    volume={5}, 
    DOI={10.1177/1476718x07080472}, 
    number={3}, 
    journal={Journal of Early Childhood Research}, 
    author={Fenech, Marianne and Sumsion, Jennifer}, 
    year={2007}, 
    month={Oct}, 
    pages={263–283}
} 


@book{mitchell2006teachers,
  title={Teachers, parents, and wh{\=a}nau working together in early childhood education},
  author={Mitchell, Linda and Haggerty, Maggie and Hampton, Viv and Pairman, Ann},
  year={2006},
  publisher={New Zealand Council for Educational Research Wellington, New Zealand}
}